@article{requirements,
    author =       "Pete Sawyer and Gerald Kotonya",
    title =        "Software Requirements",
    journal =      "IEEE",
    number =       "1.0",
    pages =        "1--2",
    year =         "2001",
    DOI =          "10.1.1.135.6794"
}

@article{dsl,
    author =       "Walid Taha",
    title =        "Domain-Specific Languages",
    journal =      "Rice University",
    pages =        "1--3",
    year =         "2008"
}

@MastersThesis{fors,
    author =       "Chiel Peters",
    title =        "Fors: Separating Configuration From Formal Specification",
    school =      "University of Amsterdam",
    pages =        "1--3",
    year =         "2014"
}

@article{minimizingdefects,
    author =       "Khaleel Ahmad and Nitasha Varshney",
    title =        "On Minimizing Software Defects during New Product Development Using Enhanced Preventive Approach",
    journal = "IJSCE",
    volume = "2",
    number = "5",
    year = "2012",
    pages = "9--12"
}

@article{alchemy,
    author =       "Shriram Krishnamurthi, Daniel J. Dougherty, Kathi Fisler and Daniel Yoo",
    title =        "Alchemy: Transmuting Base Alloy Specifications
into Implementations",
    journal =      "FSE",
    pages =        "1--12",
    year =         "2008",
    DOI = "10.1.1.141.6517"
}

@book{abstractions,
    author =       "Daniel Jackson",
    title =        "Software Abstractions: Logic, Language and Analysis",
    publisher =      "The MIT Press",
    year =         "2012",
    edition = "revised"
}

@article{security,
    author =       "Sabrina De Capitani di Vimercati, Pierangela Samarati, Sushil Ja jodia",
    title =        "Database Security*",
    journal =      "Wiley",
    pages =        "1--6",
    year =         "2002",
    DOI = "10.1002/0471028959.sof084"
}

@article{lightning,
    author =       "Loic Gammaitoni, Pierre Kelsen and Fabien Mathey",
    title =        "Verifying Modelling Languages using Lightning: a Case Study",
    journal =      "University of Luxembourg",
    pages =        "19--28",
    year =         "2014"
}

@book{reliability,
    author =       "Ajeet Kumar Pandey and Neeraj Kumar Goyal",
    title =        "Early Software Reliability Prediction: A Fuzzy Logic Approach",
    publisher =      "Springer Publishing Company",
    year =         "2013"
}

@article{alloytutorial,
    author =       "Rob Seater and Greg Dennis",
    title =        "Tutorial for Alloy Analyzer 4.0",
    journal =      "MIT",
    year =         "2014"
}

@article{defectstopten,
    author =       "Barry Boehm and Victor R. Basili",
    title =        "Software Defect Reduction Top 10 List",
    journal =      "IEEE Computer",
    year =         "2001",
    pages = "135-137",
    volume = "34",
    number = "1",
    DOI = "10.1109/2.962984"
}

@article{when,
    author =       "Tony Patton",
    title =        "Determine when to use stored procedures vs. SQL in the code",
    journal =      "TechRepublic",
    year =         "2005",
    pages = "1"
}

@article{sqlalgebra,
    author =       "T. M. Murali",
    title =        "Software Defect Reduction Top 10 List",
    journal =      "VirginiaTech Engineering",
    year =         "2010",
    pages = "1--43"
}

@book{alloy-manual,
    author =       "Daniel Jackson",
    title =        "Micromodels of software: lightweight modelling and analysis with Alloy",
    publisher =      "MIT",
    year =         "2002"
}

@book{datastruct,
    author =       "Michael Brackett",
    title =        "Data Architecture and Data Structures",
    publisher =      "DATAVERSITY",
    year =         "2013"
}

@book{introtodb,
    author =       "Christopher J. Date",
    title =        "An Introduction to Database Systems",
    publisher =      "Pearson",
    year =         "2003"
}

@article{mappingdb,
    author =       "Alcino Cunha and Hugo Pacheco",
    title =        "Mapping between Alloy specifications and database
implementations",
    journal =      "Software Engineering and Formal Methods, Seventh IEEE International Conference",
    year =         "2009",
    pages = "1--10",
    DOI = "10.1109/SEFM.2009.27"
}